<?xml version="1.0" encoding="UTF-8"?><record xmlns="http://www.loc.gov/MARC21/slim" xmlns:cinclude="http://apache.org/cocoon/include/1.0" xmlns:zs="http://www.loc.gov/zing/srw/">
  <leader>00955cz  a2200217n  4500</leader>
  <controlfield tag="001">n  88232619 </controlfield>
  <controlfield tag="003">DLC</controlfield>
  <controlfield tag="005">20081010075719.0</controlfield>
  <controlfield tag="008">890214nc acannaabn          |b ana      </controlfield>
  <datafield tag="010" ind1=" " ind2=" ">
    <subfield code="a">n  88232619 </subfield>
  </datafield>
  <datafield tag="035" ind1=" " ind2=" ">
    <subfield code="a">(OCoLC)oca02459087</subfield>
  </datafield>
  <datafield tag="040" ind1=" " ind2=" ">
    <subfield code="a">DLC</subfield>
    <subfield code="b">eng</subfield>
    <subfield code="c">DLC</subfield>
    <subfield code="d">OCoLC</subfield>
  </datafield>
  <datafield tag="110" ind1="2" ind2=" ">
    <subfield code="a">Shandong Sheng zheng xie.</subfield>
    <subfield code="b">Wen shi zi liao yan jiu wei yuan hui</subfield>
  </datafield>
  <datafield tag="410" ind1="2" ind2=" ">
    <subfield code="a">Shandong Sheng zheng xie wen shi zi liao yan jiu wei yuan hui</subfield>
  </datafield>
  <datafield tag="410" ind1="2" ind2=" ">
    <subfield code="w">nnea</subfield>
    <subfield code="a">Shan-tung sheng cheng hsieh.</subfield>
    <subfield code="b">Wen shih tzu liao yen chiu wei yüan hui</subfield>
  </datafield>
  <datafield tag="410" ind1="2" ind2=" ">
    <subfield code="a">山东省政协.</subfield>
    <subfield code="b">文史资料研究委员会</subfield>
  </datafield>
  <datafield tag="410" ind1="2" ind2=" ">
    <subfield code="a">山东省政协.</subfield>
    <subfield code="b">文史资料硏究委员会</subfield>
  </datafield>
  <datafield tag="410" ind1="2" ind2=" ">
    <subfield code="a">山東省政協.</subfield>
    <subfield code="b">文史資料硏究委員會</subfield>
  </datafield>
  <datafield tag="667" ind1=" " ind2=" ">
    <subfield code="a">Machine-derived non-Latin script reference project.</subfield>
  </datafield>
  <datafield tag="667" ind1=" " ind2=" ">
    <subfield code="a">Non-Latin script references not evaluated.</subfield>
  </datafield>
  <datafield tag="670" ind1=" " ind2=" ">
    <subfield code="a">Kʻang Jih ming chiang Chang Tzu-chung, 1987:</subfield>
    <subfield code="b">t.p. (Shan-tung sheng cheng hsieh wen shih tzu liao yen chiu wei yüan hui)</subfield>
  </datafield>
</record>